@misc{ wiki:AUR,
   author = "ArchWiki",
   title = "{Arch User Repository} --- {Arch Wiki}",
   year = "2017",
   howpublished = {\url{https://wiki.archlinux.de/title/Arch_User_Repository}},
   note = "[Online; accessed 17-March-2017]"
 }